@BOOK{Fitz,
  author={et al FITZGERALD},
  title={Máquinas Elétricas: Com introdução a eletrônica de potência.},
  publisher={Bookman},
  year={2006},
  volume={6ª edição},
  address={Porto Alegre, R.S.}
}

@BOOK{chapman,
  author={Stephen J. Chapman},
  title={Fundamentos de Máquinas Elétricas.},
  publisher={Bookman},
  year={2013},
  volume={5ª edição},
  address={Porto Alegre, R.S.}
}

@BOOK{kosow,
  author={Irving L. Kosow},
  title={Máquinas Elétricas e Transformadores.},
  publisher={Globo},
  year={1995},
  volume={11ª edição},
  address={São Paulo, SP.}
}